@article{Yunos2012,
author = {Yunos, N and Bellomo, R and Hegarty, C and Story, D and Ho, L and Bailey, M},
title = {ASsociation between a chloride-liberal vs chloride-restrictive intravenous fluid administration strategy and kidney injury in critically ill adults},
journal = {JAMA},
volume = {308},
number = {15},
pages = {1566-1572},
year = {2012},
doi = {10.1001/jama.2012.13356},
URL = { + http://dx.doi.org/10.1001/jama.2012.13356},
eprint = {/data/Journals/JAMA/25351/jpc120010_1566_1572.pdf}
}

@article{SaeedCCM11,
Author  = {Mohammed Saeed and Mauricio Villarroel and Andrew T Reisner and Gari Clifford and {Li-wei} Lehman and George Mo
ody and Thomas Heldt and Tin H Kyaw and Benjamin Moody and Roger G Mark},
        Title   = {Multiparameter Intelligent Monitoring in Intensive Care {II} {(MIMIC-II)}: {A} public-access intensive 
care unit database},
        Journal = {Crit Care Med},
        Volume  = {39},
        Number  = {5},
        Pages   = {952--960},
        Month   = {},        Year    = {2011},
        pdf     = {SaeedCCM11.pdf},
        Note    = {},
        funded_by={This research was supported by grant R01 EB001659 from the National Institute of Biomedical Imaging and
 Bioengineering, and by support from Philips Healthcare.},
        pmid={21283005},
        doi={10.1097/CCM.0b013e31820a92c6}}
        
@article{Yunos2010,
title={Bench-to-bedside review: chloride in critical illness},
author={Yunos, N and Bellomo, R and Story, D and Kellum, J},
year={2010},
journal = {Critical Care},
volume = {14},
number = {4},
pages = {226}}

